% This file was created with JabRef 2.10.
% Encoding: Cp1252


@Misc{uniElektLadung,
  Title                    = {Bestimmung der spezifischen Elektronenladung e/m},

  Timestamp                = {(abgerufen am 2015.10.30)},
  Url                      = {https://lp.uni-goettingen.de/get/text/1545}
}

